<?xml version="1.0" encoding="UTF-8" ?>
<record Numero="14785905" format="InterXMarc_Complet" type="Authority">
<leader>00551c0 au22000272  45  <Pos Code="0004">00551</Pos>
<Pos Code="05" Sens="notice modifiée">c</Pos>
<Pos Code="06" Sens="notice validée par les services d&apos;autorité">0</Pos>
<Pos Code="08" Sens="notice d&apos;autorité">a</Pos>
<Pos Code="09" Sens="titre uniforme musical (TUM)">u</Pos>
<Pos Code="10">2</Pos>
<Pos Code="11">2</Pos>
<Pos Code="1216">00027</Pos>
<Pos Code="17" Sens="autres cas">2</Pos>
<Pos Code="20">4</Pos>
<Pos Code="21">5</Pos>
</leader>
<controlfield tag="001">FRBNF147859055<Pos Code="0001">FR</Pos>
<Pos Code="0204">BNF</Pos>
<Pos Code="0512">14785905</Pos>
<Pos Code="13">5</Pos>
</controlfield>
<controlfield tag="008">890821110628yy    rd        1830                             1   <Pos Code="0001">89</Pos>
<Pos Code="0203">08</Pos>
<Pos Code="0405">21</Pos>
<Pos Code="0607">11</Pos>
<Pos Code="0809">06</Pos>
<Pos Code="1011">28</Pos>
<Pos Code="1213" Sens="ne s&apos;applique pas">yy</Pos>
<Pos Code="1820">rd </Pos>
<Pos Code="2831">1830</Pos>
<Pos Code="61" Sens="La vedette peut être liée à une notice bibliographique sauf pour l&apos;accès matière RAMEAU">1</Pos>
</controlfield>
<datafield tag="048" ind1=" " ind2=" ">
	<subfield code="a">ka01<Pos Code="0001" Sens="clavier - piano">ka</Pos>
<Pos Code="02">0</Pos>
<Pos Code="03">1</Pos>
</subfield>
</datafield>
<datafield tag="100" ind1=" " ind2=" ">
	<subfield code="3">13984603</subfield>
	<subfield code="w">.0..b.....</subfield>
	<subfield code="a">Mendelssohn Bartholdy</subfield>
	<subfield code="m">Felix</subfield>
	<subfield code="d">1809-1847</subfield>
</datafield>
<datafield tag="144" ind1="1" ind2=" ">
	<subfield code="w">....b.....</subfield>
	<subfield code="a">Rondo capriccioso</subfield>
	<subfield code="b">Piano</subfield>
	<subfield code="p">Op. 14</subfield>
	<subfield code="t">Mi majeur</subfield>
</datafield>
<datafield tag="600" ind1=" " ind2=" ">
	<subfield code="a">Date de composition : 13 juin 1830</subfield>
</datafield>
<datafield tag="600" ind1=" " ind2=" ">
	<subfield code="a">Comprend : Andante ; Presto</subfield>
</datafield>
<datafield tag="610" ind1=" " ind2=" ">
	<subfield code="a">Grove</subfield>
	<subfield code="a">Grove music on line</subfield>
	<subfield code="u">http://www.oxfordmusiconline.com/</subfield>
	<subfield code="d">2008-09-22</subfield>
</datafield>
<datafield tag="907" ind1=" " ind2=" ">
	<subfield code="o">OPC</subfield>
	<subfield code="a">100455740</subfield>
</datafield>
<datafield tag="917" ind1=" " ind2=" ">
	<subfield code="o">OPD</subfield>
	<subfield code="a">100067720</subfield>
	<subfield code="b">ATUM</subfield>
</datafield>
<datafield tag="917" ind1=" " ind2=" ">
	<subfield code="o">OPC</subfield>
	<subfield code="a">100455740</subfield>
</datafield>
<datafield tag="996" ind1=" " ind2=" ">
	<subfield code="o">OPP</subfield>
	<subfield code="a">13916119</subfield>
	<subfield code="d">20110610</subfield>
</datafield>
<datafield tag="996" ind1=" " ind2=" ">
	<subfield code="o">OPP</subfield>
	<subfield code="a">13866075</subfield>
	<subfield code="d">20110610</subfield>
</datafield>
<Alter Ori="13984603">
<datafield tag="400" ind1=" " ind2=" ">
	<subfield code="w">....b.....</subfield>
	<subfield code="a">Mendelssohn</subfield>
	<subfield code="m">Felix</subfield>
	<subfield code="d">1809-1847</subfield>
</datafield>
<datafield tag="400" ind1=" " ind2=" ">
	<subfield code="w">....b.....</subfield>
	<subfield code="a">Mendelssohn-Bartholdy</subfield>
	<subfield code="m">Jacob-Ludwig-Felix</subfield>
	<subfield code="d">1809-1847</subfield>
</datafield>
<datafield tag="400" ind1=" " ind2=" ">
	<subfield code="w">....b.....</subfield>
	<subfield code="a">Bartholdy</subfield>
	<subfield code="m">Felix Mendelssohn</subfield>
	<subfield code="d">1809-1847</subfield>
</datafield>
</Alter>
<Attr Nom="IDPerenne">ark:/12148/cb147859050</Attr>
<Attr Nom="NumSource">OPC 100455740</Attr>
<Attr Nom="Source" Sens="BnF catalogue général (depuis 1999)">A</Attr>
<Attr Nom="NumAutoriteLiee">13984603</Attr>
<Attr Nom="DateCreation">21/08/ 1989</Attr>
<Attr Nom="ResponsableCreation">MIGV3_GD</Attr>
<Attr Nom="StructCreation">1</Attr>
<Attr Nom="DateDerniereValidation">28/06/ 2011</Attr>
<Attr Nom="ResponsableDerniereValidation">BOUDOUX D HAUTEFEUILLE MARIE-EDITH</Attr>
<Attr Nom="StructPremiereValidation">1</Attr>
<Attr Nom="DatePremiereValidation">21/08/ 1989</Attr>
<Attr Nom="ResponsablePremiereValidation">MIGV3_GD</Attr>
<Attr Nom="StructDerniereValidation">71</Attr>
<Attr Nom="NumSource" Rep="1">OPD 100067720</Attr>
<Attr Nom="NumSource" Rep="2">OPC 100455740</Attr>
<Attr Nom="NumSource" Rep="3">OPP 13916119</Attr>
<Attr Nom="NumSource" Rep="4">OPP 13866075</Attr>
</record>
